%YAML 1.1
%TAG !u! tag:unity3d.com,2011:
--- !u!1 &6465285241076963699
GameObject:
  m_ObjectHideFlags: 0
  m_CorrespondingSourceObject: {fileID: 2537837539291712632, guid: aed0b8ac325b52b41a4b42c77fdb73f6,
    type: 3}
  m_PrefabInstance: {fileID: 0}
  m_PrefabAsset: {fileID: 0}
  serializedVersion: 6
  m_Component:
  - component: {fileID: 6465285241076963698}
  - component: {fileID: 6465285241076963702}
  - component: {fileID: 6465285241076963703}
  - component: {fileID: 6465285241076963696}
  - component: {fileID: 6465285241076963697}
  m_Layer: 9
  m_Name: Alive
  m_TagString: Enemy
  m_Icon: {fileID: 0}
  m_NavMeshLayer: 0
  m_StaticEditorFlags: 0
  m_IsActive: 1
--- !u!4 &6465285241076963698
Transform:
  m_ObjectHideFlags: 0
  m_CorrespondingSourceObject: {fileID: 2537837539291712633, guid: aed0b8ac325b52b41a4b42c77fdb73f6,
    type: 3}
  m_PrefabInstance: {fileID: 0}
  m_PrefabAsset: {fileID: 0}
  m_GameObject: {fileID: 6465285241076963699}
  m_LocalRotation: {x: 0, y: 0, z: 0, w: 1}
  m_LocalPosition: {x: 0, y: 0, z: 0}
  m_LocalScale: {x: 1, y: 1, z: 1}
  m_Children:
  - {fileID: 6465285241854455000}
  - {fileID: 6465285241665655931}
  - {fileID: 6465285241729798569}
  m_Father: {fileID: 6465285242625531851}
  m_RootOrder: 0
  m_LocalEulerAnglesHint: {x: 0, y: 0, z: 0}
--- !u!212 &6465285241076963702
SpriteRenderer:
  m_ObjectHideFlags: 0
  m_CorrespondingSourceObject: {fileID: 2537837539291712637, guid: aed0b8ac325b52b41a4b42c77fdb73f6,
    type: 3}
  m_PrefabInstance: {fileID: 0}
  m_PrefabAsset: {fileID: 0}
  m_GameObject: {fileID: 6465285241076963699}
  m_Enabled: 1
  m_CastShadows: 0
  m_ReceiveShadows: 0
  m_DynamicOccludee: 1
  m_MotionVectors: 1
  m_LightProbeUsage: 1
  m_ReflectionProbeUsage: 1
  m_RayTracingMode: 0
  m_RenderingLayerMask: 1
  m_RendererPriority: 0
  m_Materials:
  - {fileID: 10754, guid: 0000000000000000f000000000000000, type: 0}
  m_StaticBatchInfo:
    firstSubMesh: 0
    subMeshCount: 0
  m_StaticBatchRoot: {fileID: 0}
  m_ProbeAnchor: {fileID: 0}
  m_LightProbeVolumeOverride: {fileID: 0}
  m_ScaleInLightmap: 1
  m_ReceiveGI: 1
  m_PreserveUVs: 0
  m_IgnoreNormalsForChartDetection: 0
  m_ImportantGI: 0
  m_StitchLightmapSeams: 1
  m_SelectedEditorRenderState: 0
  m_MinimumChartSize: 4
  m_AutoUVMaxDistance: 0.5
  m_AutoUVMaxAngle: 89
  m_LightmapParameters: {fileID: 0}
  m_SortingLayerID: -1334886355
  m_SortingLayer: 4
  m_SortingOrder: 0
  m_Sprite: {fileID: 6369384564468328029, guid: 52ee548115820ef48baa163995c13766,
    type: 3}
  m_Color: {r: 1, g: 1, b: 1, a: 1}
  m_FlipX: 0
  m_FlipY: 0
  m_DrawMode: 0
  m_Size: {x: 4, y: 4}
  m_AdaptiveModeThreshold: 0.5
  m_SpriteTileMode: 0
  m_WasSpriteAssigned: 1
  m_MaskInteraction: 0
  m_SpriteSortPoint: 0
--- !u!50 &6465285241076963703
Rigidbody2D:
  serializedVersion: 4
  m_ObjectHideFlags: 0
  m_CorrespondingSourceObject: {fileID: 2537837539291712636, guid: aed0b8ac325b52b41a4b42c77fdb73f6,
    type: 3}
  m_PrefabInstance: {fileID: 0}
  m_PrefabAsset: {fileID: 0}
  m_GameObject: {fileID: 6465285241076963699}
  m_BodyType: 0
  m_Simulated: 1
  m_UseFullKinematicContacts: 0
  m_UseAutoMass: 0
  m_Mass: 1
  m_LinearDrag: 0
  m_AngularDrag: 0.05
  m_GravityScale: 8
  m_Material: {fileID: 0}
  m_Interpolate: 0
  m_SleepingMode: 1
  m_CollisionDetection: 1
  m_Constraints: 7
--- !u!95 &6465285241076963696
Animator:
  serializedVersion: 3
  m_ObjectHideFlags: 0
  m_CorrespondingSourceObject: {fileID: 2537837539291712639, guid: aed0b8ac325b52b41a4b42c77fdb73f6,
    type: 3}
  m_PrefabInstance: {fileID: 0}
  m_PrefabAsset: {fileID: 0}
  m_GameObject: {fileID: 6465285241076963699}
  m_Enabled: 1
  m_Avatar: {fileID: 0}
  m_Controller: {fileID: 9100000, guid: 8b886f4935ff20f498252c8a5b52b4b8, type: 2}
  m_CullingMode: 0
  m_UpdateMode: 0
  m_ApplyRootMotion: 0
  m_LinearVelocityBlending: 0
  m_WarningMessage: 
  m_HasTransformHierarchy: 1
  m_AllowConstantClipSamplingOptimization: 1
  m_KeepAnimatorControllerStateOnDisable: 0
--- !u!61 &6465285241076963697
BoxCollider2D:
  m_ObjectHideFlags: 0
  m_CorrespondingSourceObject: {fileID: 2537837539291712638, guid: aed0b8ac325b52b41a4b42c77fdb73f6,
    type: 3}
  m_PrefabInstance: {fileID: 0}
  m_PrefabAsset: {fileID: 0}
  m_GameObject: {fileID: 6465285241076963699}
  m_Enabled: 1
  m_Density: 1
  m_Material: {fileID: 0}
  m_IsTrigger: 0
  m_UsedByEffector: 0
  m_UsedByComposite: 0
  m_Offset: {x: 0.17746279, y: -0.37710857}
  m_SpriteTilingProperty:
    border: {x: 0, y: 0, z: 0, w: 0}
    pivot: {x: 0.5, y: 0.5}
    oldSize: {x: 4, y: 4}
    newSize: {x: 4, y: 4}
    adaptiveTilingThreshold: 0.5
    drawMode: 0
    adaptiveTiling: 0
  m_AutoTiling: 0
  serializedVersion: 2
  m_Size: {x: 2.0479133, y: 1.6486244}
  m_EdgeRadius: 0
--- !u!1 &6465285241444802048
GameObject:
  m_ObjectHideFlags: 0
  m_CorrespondingSourceObject: {fileID: 3732983092069244960, guid: aed0b8ac325b52b41a4b42c77fdb73f6,
    type: 3}
  m_PrefabInstance: {fileID: 0}
  m_PrefabAsset: {fileID: 0}
  serializedVersion: 6
  m_Component:
  - component: {fileID: 6465285242424066088}
  - component: {fileID: 6465285241444802052}
  - component: {fileID: 6465285241444802053}
  - component: {fileID: 6465285241444802054}
  - component: {fileID: 6465285241444802055}
  m_Layer: 0
  m_Name: 1HPBullet
  m_TagString: Untagged
  m_Icon: {fileID: 0}
  m_NavMeshLayer: 0
  m_StaticEditorFlags: 0
  m_IsActive: 1
--- !u!4 &6465285242424066088
Transform:
  m_ObjectHideFlags: 0
  m_CorrespondingSourceObject: {fileID: 1071841333967736396, guid: aed0b8ac325b52b41a4b42c77fdb73f6,
    type: 3}
  m_PrefabInstance: {fileID: 0}
  m_PrefabAsset: {fileID: 0}
  m_GameObject: {fileID: 6465285241444802048}
  m_LocalRotation: {x: 0, y: 0, z: 0, w: 1}
  m_LocalPosition: {x: 12.21, y: 6.91, z: 0}
  m_LocalScale: {x: 1, y: 1, z: 1}
  m_Children:
  - {fileID: 6465285242625531851}
  m_Father: {fileID: 0}
  m_RootOrder: 0
  m_LocalEulerAnglesHint: {x: 0, y: 0, z: 0}
--- !u!212 &6465285241444802052
SpriteRenderer:
  m_ObjectHideFlags: 0
  m_CorrespondingSourceObject: {fileID: 3226987435959663005, guid: aed0b8ac325b52b41a4b42c77fdb73f6,
    type: 3}
  m_PrefabInstance: {fileID: 0}
  m_PrefabAsset: {fileID: 0}
  m_GameObject: {fileID: 6465285241444802048}
  m_Enabled: 1
  m_CastShadows: 0
  m_ReceiveShadows: 0
  m_DynamicOccludee: 1
  m_MotionVectors: 1
  m_LightProbeUsage: 1
  m_ReflectionProbeUsage: 1
  m_RayTracingMode: 0
  m_RenderingLayerMask: 1
  m_RendererPriority: 0
  m_Materials:
  - {fileID: 10754, guid: 0000000000000000f000000000000000, type: 0}
  m_StaticBatchInfo:
    firstSubMesh: 0
    subMeshCount: 0
  m_StaticBatchRoot: {fileID: 0}
  m_ProbeAnchor: {fileID: 0}
  m_LightProbeVolumeOverride: {fileID: 0}
  m_ScaleInLightmap: 1
  m_ReceiveGI: 1
  m_PreserveUVs: 0
  m_IgnoreNormalsForChartDetection: 0
  m_ImportantGI: 0
  m_StitchLightmapSeams: 1
  m_SelectedEditorRenderState: 0
  m_MinimumChartSize: 4
  m_AutoUVMaxDistance: 0.5
  m_AutoUVMaxAngle: 89
  m_LightmapParameters: {fileID: 0}
  m_SortingLayerID: -1334886355
  m_SortingLayer: 4
  m_SortingOrder: 0
  m_Sprite: {fileID: 21300000, guid: 6b777624f1ead4ffaa0034c42e5d25e5, type: 3}
  m_Color: {r: 1, g: 1, b: 1, a: 1}
  m_FlipX: 0
  m_FlipY: 0
  m_DrawMode: 0
  m_Size: {x: 0.375, y: 0.25}
  m_AdaptiveModeThreshold: 0.5
  m_SpriteTileMode: 0
  m_WasSpriteAssigned: 1
  m_MaskInteraction: 0
  m_SpriteSortPoint: 0
--- !u!58 &6465285241444802053
CircleCollider2D:
  m_ObjectHideFlags: 0
  m_CorrespondingSourceObject: {fileID: 5134613754309219032, guid: aed0b8ac325b52b41a4b42c77fdb73f6,
    type: 3}
  m_PrefabInstance: {fileID: 0}
  m_PrefabAsset: {fileID: 0}
  m_GameObject: {fileID: 6465285241444802048}
  m_Enabled: 1
  m_Density: 1
  m_Material: {fileID: 0}
  m_IsTrigger: 1
  m_UsedByEffector: 0
  m_UsedByComposite: 0
  m_Offset: {x: 0, y: 0}
  serializedVersion: 2
  m_Radius: 0.1875
--- !u!50 &6465285241444802054
Rigidbody2D:
  serializedVersion: 4
  m_ObjectHideFlags: 0
  m_CorrespondingSourceObject: {fileID: 4442544193987189495, guid: aed0b8ac325b52b41a4b42c77fdb73f6,
    type: 3}
  m_PrefabInstance: {fileID: 0}
  m_PrefabAsset: {fileID: 0}
  m_GameObject: {fileID: 6465285241444802048}
  m_BodyType: 0
  m_Simulated: 1
  m_UseFullKinematicContacts: 0
  m_UseAutoMass: 0
  m_Mass: 1
  m_LinearDrag: 0
  m_AngularDrag: 0.05
  m_GravityScale: 0
  m_Material: {fileID: 0}
  m_Interpolate: 0
  m_SleepingMode: 1
  m_CollisionDetection: 1
  m_Constraints: 0
--- !u!114 &6465285241444802055
MonoBehaviour:
  m_ObjectHideFlags: 0
  m_CorrespondingSourceObject: {fileID: 389801388268097848, guid: aed0b8ac325b52b41a4b42c77fdb73f6,
    type: 3}
  m_PrefabInstance: {fileID: 0}
  m_PrefabAsset: {fileID: 0}
  m_GameObject: {fileID: 6465285241444802048}
  m_Enabled: 1
  m_EditorHideFlags: 0
  m_Script: {fileID: 11500000, guid: 02d3460c14fee89488bb26365a73391d, type: 3}
  m_Name: 
  m_EditorClassIdentifier: 
--- !u!1 &6465285241665655908
GameObject:
  m_ObjectHideFlags: 0
  m_CorrespondingSourceObject: {fileID: 8983581605751568735, guid: aed0b8ac325b52b41a4b42c77fdb73f6,
    type: 3}
  m_PrefabInstance: {fileID: 0}
  m_PrefabAsset: {fileID: 0}
  serializedVersion: 6
  m_Component:
  - component: {fileID: 6465285241665655931}
  m_Layer: 9
  m_Name: WallCheck
  m_TagString: Untagged
  m_Icon: {fileID: 0}
  m_NavMeshLayer: 0
  m_StaticEditorFlags: 0
  m_IsActive: 1
--- !u!4 &6465285241665655931
Transform:
  m_ObjectHideFlags: 0
  m_CorrespondingSourceObject: {fileID: 8983581605751568732, guid: aed0b8ac325b52b41a4b42c77fdb73f6,
    type: 3}
  m_PrefabInstance: {fileID: 0}
  m_PrefabAsset: {fileID: 0}
  m_GameObject: {fileID: 6465285241665655908}
  m_LocalRotation: {x: 0, y: 0, z: 0, w: 1}
  m_LocalPosition: {x: 0, y: 0, z: 0}
  m_LocalScale: {x: 1, y: 1, z: 1}
  m_Children: []
  m_Father: {fileID: 6465285241076963698}
  m_RootOrder: 1
  m_LocalEulerAnglesHint: {x: 0, y: 0, z: 0}
--- !u!1 &6465285241729798570
GameObject:
  m_ObjectHideFlags: 0
  m_CorrespondingSourceObject: {fileID: 8983581605578103610, guid: aed0b8ac325b52b41a4b42c77fdb73f6,
    type: 3}
  m_PrefabInstance: {fileID: 0}
  m_PrefabAsset: {fileID: 0}
  serializedVersion: 6
  m_Component:
  - component: {fileID: 6465285241729798569}
  m_Layer: 9
  m_Name: touchdamagecheck
  m_TagString: Untagged
  m_Icon: {fileID: 0}
  m_NavMeshLayer: 0
  m_StaticEditorFlags: 0
  m_IsActive: 1
--- !u!4 &6465285241729798569
Transform:
  m_ObjectHideFlags: 0
  m_CorrespondingSourceObject: {fileID: 8983581605578103611, guid: aed0b8ac325b52b41a4b42c77fdb73f6,
    type: 3}
  m_PrefabInstance: {fileID: 0}
  m_PrefabAsset: {fileID: 0}
  m_GameObject: {fileID: 6465285241729798570}
  m_LocalRotation: {x: -0, y: -0, z: -0, w: 1}
  m_LocalPosition: {x: 0.5, y: 0, z: 0}
  m_LocalScale: {x: 0, y: 0, z: 1}
  m_Children: []
  m_Father: {fileID: 6465285241076963698}
  m_RootOrder: 2
  m_LocalEulerAnglesHint: {x: 0, y: 0, z: 0}
--- !u!1 &6465285241854455001
GameObject:
  m_ObjectHideFlags: 0
  m_CorrespondingSourceObject: {fileID: 8983581606267140266, guid: aed0b8ac325b52b41a4b42c77fdb73f6,
    type: 3}
  m_PrefabInstance: {fileID: 0}
  m_PrefabAsset: {fileID: 0}
  serializedVersion: 6
  m_Component:
  - component: {fileID: 6465285241854455000}
  m_Layer: 9
  m_Name: GrounchCheck
  m_TagString: Untagged
  m_Icon: {fileID: 0}
  m_NavMeshLayer: 0
  m_StaticEditorFlags: 0
  m_IsActive: 1
--- !u!4 &6465285241854455000
Transform:
  m_ObjectHideFlags: 0
  m_CorrespondingSourceObject: {fileID: 8983581606267140267, guid: aed0b8ac325b52b41a4b42c77fdb73f6,
    type: 3}
  m_PrefabInstance: {fileID: 0}
  m_PrefabAsset: {fileID: 0}
  m_GameObject: {fileID: 6465285241854455001}
  m_LocalRotation: {x: 0, y: 0, z: 0, w: 1}
  m_LocalPosition: {x: 0, y: 0, z: 0}
  m_LocalScale: {x: 1, y: 1, z: 1}
  m_Children: []
  m_Father: {fileID: 6465285241076963698}
  m_RootOrder: 0
  m_LocalEulerAnglesHint: {x: 0, y: 0, z: 0}
--- !u!1 &6465285242625531700
GameObject:
  m_ObjectHideFlags: 0
  m_CorrespondingSourceObject: {fileID: 2537837538989175042, guid: aed0b8ac325b52b41a4b42c77fdb73f6,
    type: 3}
  m_PrefabInstance: {fileID: 0}
  m_PrefabAsset: {fileID: 0}
  serializedVersion: 6
  m_Component:
  - component: {fileID: 6465285242625531851}
  - component: {fileID: 6465285242625531850}
  m_Layer: 0
  m_Name: SpikesEnemy
  m_TagString: Enemy
  m_Icon: {fileID: 0}
  m_NavMeshLayer: 0
  m_StaticEditorFlags: 0
  m_IsActive: 1
--- !u!4 &6465285242625531851
Transform:
  m_ObjectHideFlags: 0
  m_CorrespondingSourceObject: {fileID: 2537837538989175043, guid: aed0b8ac325b52b41a4b42c77fdb73f6,
    type: 3}
  m_PrefabInstance: {fileID: 0}
  m_PrefabAsset: {fileID: 0}
  m_GameObject: {fileID: 6465285242625531700}
  m_LocalRotation: {x: 0, y: 0, z: 0, w: 1}
  m_LocalPosition: {x: 0, y: 0, z: 0}
  m_LocalScale: {x: 0, y: 0, z: 1}
  m_Children:
  - {fileID: 6465285241076963698}
  m_Father: {fileID: 6465285242424066088}
  m_RootOrder: 0
  m_LocalEulerAnglesHint: {x: 0, y: 0, z: 0}
--- !u!114 &6465285242625531850
MonoBehaviour:
  m_ObjectHideFlags: 0
  m_CorrespondingSourceObject: {fileID: 2537837538989175040, guid: aed0b8ac325b52b41a4b42c77fdb73f6,
    type: 3}
  m_PrefabInstance: {fileID: 0}
  m_PrefabAsset: {fileID: 0}
  m_GameObject: {fileID: 6465285242625531700}
  m_Enabled: 1
  m_EditorHideFlags: 0
  m_Script: {fileID: 11500000, guid: 48284ece67659d642bd242d8eaf9492a, type: 3}
  m_Name: 
  m_EditorClassIdentifier: 
  groundCheckDistance: 1
  wallCheckDistance: 0.1
  movementSpeed: 3
  maxHealth: 1
  knockbackDuration: 0.1
  lastTouchDamageTime: 0
  touchDamageCooldown: 0.2
  touchDamage: 1
  touchDamageWidth: 0.7
  touchDamageHeight: 0.7
  groundCheck: {fileID: 6465285241854455000}
  wallCheck: {fileID: 6465285241665655931}
  touchDamageCheck: {fileID: 6465285241729798569}
  whatIsGround:
    serializedVersion: 2
    m_Bits: 256
  whatIsPlayer:
    serializedVersion: 2
    m_Bits: 2048
  knockbackSpeed: {x: 10, y: 5}
  hitParticle: {fileID: 0}
  deathChunkParticle: {fileID: 0}
  deathBloodParticle: {fileID: 0}
